@article{Fair2007,
author = {Fair, R.C.},
title = {Estimated Age Effects in Athletics Events and Chess},
journal = {Experimental Aging Research},
year = {2007},
volume = {33},
pages = {37-57}
}